@online{zentgraf2015,
  author = {Zentgraf, David C.},
  title = {{What Every Programmer Absolutely, Positively Needs To Know About Encodings And Character Sets To Work With Text}},
  year = 2015,
  url = {https://kunststube.net/encoding/},
  urldate = {2020-10-30}
}
